@BOOK{taylor,
    title = {\href{http://physics111.lib.berkeley.edu/Physics111/Reprints/Data\%20Analysis\%20Book\%20PDF/Introduction_To_Error_Analysis_Taylor_John.pdf}{An Introduction to Error Analysis}},
    edition = {Second},
    author = {John R. Taylor},
    publisher = {University Science Books},
    year = {1997},
    isbn = {0-935702-42-3},
}

@BOOK{lyons,
    title = {\href{http://physics111.lib.berkeley.edu/Physics111/Reprints/Data\%20Analysis\%20Book\%20PDF/Error\%20Analysis\%20Book-Louis\%20Lyons.pdf}{A Practical Guide to Data Analysis for Physical Science Students}},
    author = {Louis Lyons},
    publisher = {Cambridge University Press},
    year = {1991},
    isbn = {0-521-41415-6},
}

@ONLINE{diagrams,
    title = {\href{http://physics111.lib.berkeley.edu/Physics111/Reprints/OPT/01-diagrams.pdf}{Diagrams of the electronics}}
}

@ONLINE{rubidium_diagrams,
    title = {\href{http://experimentationlab.berkeley.edu/sites/default/files/images/OPT_RbEnergyLevels.pdf}{Reference Rubidium Diagrams}}
}

@ONLINE{experiment7,
    title = {\href{http://physics111.lib.berkeley.edu/Physics111/Reprints/OPT/06-Experiment_7.pdf}{Experiment 7} report on Optical Pumping}
}

@ARTICLE{camparo,
    title = {The rubidium atomic clock and basic research},
    author = {James Camparo},
    volume = {60},
    DOI = {10.1063/1.2812121},
    number = {11},
    journal = {Physics Today},
    year = {2007},
    pages = {33-39}
}

@ARTICLE{carver,
    title = {Optical Pumping},
    author = {Thomas R. Carver},
    volume = {141},
    DOI = {10.1126/science.141.3581.599},
    number = {3581},
    journal = {Science},
    year = {1963},
    pages = {599-608}
}

@ARTICLE{zafra,
    title = {Optical Pumping},
    author = {Robert L. {De Zafra}},
    volume = {28},
    DOI = {10.1119/1.1935926},
    number = {7},
    journal = {American Journal of Physics},
    year = {1960},
    pages = {646}
}

@ARTICLE{bloom,
    title = {Optical Pumping},
    author = {Arnold L. Bloom},
    volume = {203},
    DOI = {10.1038/scientificamerican1060-72},
    number = {4},
    journal = {Scientific American},
    year = {1960},
    pages = {72-80}
}

@BOOK{ramsey,
    title = {Nuclear moments},
    author = {Norman Ramsey},
    publisher = {Wiley},
    place = {New York},
    year = {1953}
}

@ARTICLE{corney,
    title = {The Hanle effect and the theory of resonance fluorescence experiments},
    author = {Alan Corney},
    DOI = {10.1093/acprof:oso/9780199211456.003.0015},
    journal = {Atomic and Laser Spectroscopy},
    year = {1977},
    pages = {473-533}
}
